@article{elgamal1985public,
	title     = {A public key cryptosystem and a signature scheme based on discrete logarithms},
	author    = {ElGamal, Taher},
	journal   = {IEEE transactions on information theory},
	volume    = {31},
	number    = {4},
	pages     = {469--472},
	year      = {1985},
	publisher = {IEEE}
}